@misc{RusselIRC,
author = {Brian Russel},
title = {{Laws of Software Relativity. IRC Blog Post}},
year = {1996}
}
